@article{AntibioticUseFlu,
	title = {Antibiotic Use in Cold and Flu Season and Prescribing Quality: A Retrospective Cohort Study},
	author = {Marcella Alsan and  Nancy Morden and Joshua D. Gottlieb and Weiping Zhou and Jonathan Skinner},
	year = {2015},
	journal = {Medical Care},
	month = {December},
	volume = {53},
	number = {12},
	pages = {1066--1071},
	doi = {10.1097/MLR.0000000000000440}
}

@article{BillingCostsPaper,
	title = {A Denial a Day Keeps the Doctor Away},
	author = {Abe Dunn and Joshua D. Gottlieb and Adam Hale Shapiro and Daniel J. Sonnenstuhl and Pietro Tebaldi},
	year = {2024},
	journal = {Quarterly Journal of Economics},
	volume = {139},
	number = {1},
	month = {February}
}
	
@article{ClemensGottliebHicks,
	title = {How Would Medicare for All Affect Health System Capacity? Evidence from Medicare for Some},
	author = {Jeffrey Clemens and Joshua D. Gottlieb and Jeffrey Hicks},
	year = {2021},
	journal = {Tax Policy and the Economy},
	volume = {35},
	doi = {https://doi.org/10.1086/713497}
}

@article{ClemensGottliebMolnar,
	title = {Do Health Insurers Innovate? Evidence From the Anatomy of Physician Payments},
	author = {Jeffrey Clemens and Joshua D. Gottlieb and T\'{i}mea Laura Moln\'{a}r},
	year = {2017},
	journal = {Journal of Health Economics},
	month = {September},
	volume = {55},
	pages = {153--167},
	doi = {https://doi.org/10.1016/j.jhealeco.2017.07.001}
}

\@article{ClemensGottliebPhysicians,
	title = {Do Physicians' Financial Incentives Affect Treatment Patterns and Patient Health?},
	author = {Jeffrey Clemens and Joshua D. Gottlieb},
	year = {2014},
	journal = {American Economic Review},
	volume = {104},
	number = {4},
	month = {April},
	pages = {1320-1349}
}

@article{ClemensGottliebShadow,
	title = {In the Shadow of a Giant: Medicare's Influence on Private Payment Systems},
	author = {Jeffrey Clemens and Joshua D. Gottlieb},
	year = {2017},
	journal = {Journal of Political Economy},
	volume = {125},
	number = {1},
	month = {February},
	pages = {1--39}
}

@article{ClemensGottliebShapiro,
	title = {How Much Do Medicare Cuts Reduce Inflation?},
	author = {Jeffrey Clemens and Joshua D. Gottlieb and Adam Hale Shapiro},
	year = {2014},
	journal = {FRBSF Economic Letter},
	volume = {2014-28},
	month = {September 22}
}

@article{ClemensGottliebShapiro2016,
	title = {Medicare Payment Cuts Continue to Restrain Inflation},
	author = {Jeffrey Clemens and Joshua D. Gottlieb and Adam Hale Shapiro},
	year = {2016},
	journal = {FRBSF Economic Letter},
	volume = {2016-15},
	month = {May 9}
}

@techreport{DGLM,
	title = {Market Size and Trade in Medical Services},
	author = {Jonathan I. Dingel and Joshua D. Gottlieb and Maya Lozinski and Pauline Mourot},
	year = {2023},
	month = {March},
	type = {Working Paper},
	institution = {National Bureau of Economic Research},
	number = {No.~31030}
}

@article{GlaeserGottliebBrookings,
	title = {The Economics of Place-Making Policies},
	author = {Edward L. Glaeser and Joshua D. Gottlieb},
	year = {2008},
	journal = {Brookings Papers on Economic Activity},
	volume = {39},
	number = {1},
	month = {Spring},
	pages = {155-253}
}

@incollection{GlaeserGottliebGyourko,
	title = {Can Cheap Credit Explain the Housing Boom?},
	author = {Edward L. Glaeser and Joshua D. Gottlieb and Joseph Gyourko},
	year = {2013},
	booktitle = {Housing and the Financial Crisis},
	editor = {Edward L. Glaeser and Todd Sinai},
	publisher = {Chicago: University of Chicago Press},
	pages = {301-359}
}

@misc{GlaeserGottliebGyourkoPolicyBrief,
	title = {Did Credit Market Policies Cause the Housing Bubble?},
	author = {Edward L. Glaeser and Joshua D. Gottlieb and Joseph Gyourko},
	year = {2010},
	month = {May},
	note = {Rappaport/Taubman Policy Brief.  Available online at \url{http://www.hks.harvard.edu/var/ezp_site/storage/fckeditor/file/pdfs/centers-programs/centers/rappaport/policybriefs/housing_2010_final.pdf}}
}

@misc{GlaeserGottliebGyourkoVox,
	title = {Can Interest Rates Explain the US Housing Boom and Bust?},
	author = {Edward L. Glaeser and Joshua D. Gottlieb and Joseph Gyourko},
	year = {2010},
	month = {August},
	note = {VoxEU.  Available online at \url{http://www.voxeu.org/article/interest-rates-and-us-housing-boom-call-more-research}}
}

@article{GlaeserGottliebTobio,
	title = {Housing Booms and City Centers},
	author = {Edward L. Glaeser and Joshua D. Gottlieb and Kristina Tobio},
	year = {2012},
	journal = {American Economic Review: Papers and Proceedings},
	volume = {102},
	number = {3},
	month = {May},
	pages = {127-133}
}

@article{GlaeserGottliebUrban,
	title = {Urban Resurgence and the Consumer City},
	author = {Edward L. Glaeser and Joshua D. Gottlieb},
	year = {2006},
	journal = {Urban Studies},
	volume = {43},
	number = {8},
	month = {July},
	pages = {1275-1299}
}

@article{GlaeserGottliebWealth,
	title = {The Wealth of Cities: Agglomeration Economies and Spatial Equilibrium in the United States},
	author = {Edward L. Glaeser and Joshua D. Gottlieb},
	year = {2009},
	journal = {Journal of Economic Literature},
	volume = {47},
	number = {4},
	month = {December},
	pages = {983-1028}
}

@misc{GlaeserGottliebZivVox,
	title = {Maximising Happiness Does Not Maximise Welfare},
	author = {Edward L. Glaeser and Joshua D. Gottlieb and Oren Ziv},
	year = {2015},
	month = {October},
	note = {VoxEU.  Available online at \url{http://www.voxeu.org/article/maximising-happiness-does-not-maximise-welfare}}
}

@misc{GottliebBigData,
	title = {Making Big Data Informative Data},
	author = {Joshua D. Gottlieb},
	year = {2016},
	month = {September},
	note = {\emph{Parameters}.  Available online at \url{http://parameters.ssrc.org/}}
}

@unpublished{GottliebHemousHicksOlsen,
	title = {The Spillover Effects of Top Income Inequality},
	author = {Joshua D. Gottlieb and David H\'{e}mous and Jeffrey Hicks and Morten Olsen},
	year = {2019},
	note = {University of Chicago, mimeo.},
	month = {December}
}

@article{GottliebHypoxia,
	title = {Hypoxia, Not the Frequency of Sleep Apnea, Induces Acute Hemodynamic Stress in Patients with Chronic Heart Failure},
	author = {Joshua D. Gottlieb and Alan R. Schwartz and Joanne Marshall and Pamela Ouyang and Linda Kern and Veena Shetty and Maria Trois and Naresh M. Punjabi and Cynthia Brown and Samer S. Najjar and Stephen S. Gottlieb},
	year = {2009},
	journal = {Journal of the American College of Cardiology},
	volume = {54},
	number = {18},
	month = {October 27},
	pages = {1706-1712}
}

@misc{GottliebJobProtectionSIEPR,
	title = {Does Job Protection Encourage Entrepreneurship?},
	author = {Joshua D. Gottlieb},
	year = {2016},
	month = {May},
	note = {SIEPR Policy Brief.  Available online at \url{http://siepr.stanford.edu/research/publications/does-job-protection-encourage-entrepreneurship}}
}

@unpublished{GottliebPhysicianEarnings,
	title = {Who Values Human Capitalists' Human Capital? Healthcare Spending and Physician Earnings},
	author = {Joshua D. Gottlieb and Maria Polyakova and Kevin Rinz and Hugh Shiplett and Victoria Udalova},
	year = {2020},
	note = {University of Chicago, mimeo.},
	month = {July}
}

@article{GottliebReviewJEL,
	title = {Review of {\em Housing Markets and the Economy: Risk, Regulation, and Policy: Essays in Honor of Karl E. Case}},
	author = {Joshua D. Gottlieb},
	year = {2015},
	journal = {Journal of Economic Literature},
	volume = {53},
	number = {4},
	pages = {1046--1047},
	month = {December}
}

@article{GottliebShapiroDunn,
	title = {The Complexity Of Billing And Paying For Physician Care},
	author = {Joshua D. Gottlieb and Adam Hale Shapiro and Abe Dunn}, 
	year = {2018},
	journal = {Health Affairs},
	volume = {37},
	number = {4},
	month = {April},
	pages = {619--626}
}

@article{GottliebTownsendXu,
	title = {Does Career Risk Deter Potential Entrepreneurs?},
	author = {Joshua D. Gottlieb and Richard R. Townsend and Ting Xu},
	year = {2022},
	journal = {The Review of Financial Studies},
	volume = {35}, 
	number = {9},
	pages = {3973--4015},
	month = {September},
	doi = {https://doi.org/10.1093/rfs/hhab105}
}

@article{UnhappyCities,
	title = {Unhappy Cities},
	author = {Edward L. Glaeser and Joshua D. Gottlieb and Oren Ziv},
	year = {2016},
	journal = {Journal of Labor Economics},
	volume = {34},
	number = {2},
	pages = {S129---S182},
	month = {April}
}
